@incollection{wan2002event,
  title={Event-driven FRP},
  author={Wan, Zhanyong and Taha, Walid and Hudak, Paul},
  booktitle={Practical Aspects of Declarative Languages},
  pages={155--172},
  year={2002},
  publisher={Springer}
}

@inproceedings{satyanarayan2014declarative,
  title={Declarative interaction design for data visualization},
  author={Satyanarayan, Arvind and Wongsuphasawat, Kanit and Heer, Jeffrey},
  booktitle={Proceedings of the 27th annual ACM symposium on User interface software and technology},
  pages={669--678},
  year={2014},
  organization={ACM}
}